@BOOK{BOOK:ProgrammingInScala,
AUTHOR="Martin Odersky and Lex Spoon and Bill Venners",
TITLE="Programming in Scala, 3rd Edition",
PUBLISHER="Artima Inc",
YEAR="2016"
}

@BOOK{BOOK:FPinScala,
AUTHOR="Paul Chiusano and Runar Bjarnason",
TITLE="Functional Programming in Scala",
PUBLISHER="Manning Publications Co",
YEAR="2015"
}

@BOOK{BOOK:ScalaWithCats,
AUTHOR="Noel Welsh and Dave Gurnell",
TITLE="Scala with Cats",
PUBLISHER="Underscore Consulting LLP",
YEAR="2017"
}

@BOOK{BOOK:EssentialSlick,
AUTHOR="Richard Dallaway and Jonathan Ferguson",
TITLE="Essential Slick",
PUBLISHER="Underscore Consulting LLP",
YEAR="2019"
}

@BOOK{BOOK:LYAHFGG,
AUTHOR="Miran Lipovaca",
TITLE="Learn You A Haskell For Great Good",
PUBLISHER=" No Starch Press",
YEAR="2011"
}

@BOOK{BOOK:DDD,
AUTHOR="Eric Evans",
TITLE="Domain-Driven Design Tackling Complexity in the Heart of Software",
PUBLISHER="Addison Wesley",
YEAR="2003"
}




@MISC{WEBSITE:ScalaAPI,
	HOWPUBLISHED = "\url{https://www.scala-lang.org/api/2.12.8/}",
	AUTHOR = "Scala Lang",
	TITLE = "Scala 2.12.8 official documentation",
	NOTE = "Accessed on 21-10-2019"
}

@MISC{WEBSITE:CatsDataTypes,
	HOWPUBLISHED = "\url{https://typelevel.org/cats/datatypes.html}",
	AUTHOR = "typelevel",
	TITLE = "Cats Data Types",
	NOTE = "Accessed on 21-10-2019"
}

@MISC{WEBSITE:AkkaHTTPDocs,
	HOWPUBLISHED = "\url{https://doc.akka.io/docs/akka-http/current/index.html?language=scala}",
	AUTHOR = "Lightbend",
	TITLE = "Akka HTTP official documentation",
	NOTE = "Accessed on 21-10-2019"
}

@MISC{WEBSITE:CirceDocs,
	HOWPUBLISHED = "\url{https://circe.github.io/circe/}",
	AUTHOR = "Circe",
	TITLE = "Circe Home Page",
	NOTE = "Accessed on 21-10-2019"
}


@MISC{WEBSITE:SlickDocs,
	HOWPUBLISHED = "\url{http://slick.lightbend.com/doc/3.3.0/}",
	AUTHOR = "Slick",
	TITLE = "Slick Documentation",
	NOTE = "Accessed on 21-10-2019"
}



@MISC{WEBSITE:ChBateyBeyond,
	HOWPUBLISHED = "\url{https://www.youtube.com/watch?v=4QIgEMvUfIE}",
	AUTHOR = "Christopher Batey",
	TITLE = "Scala: Beyond the basics - DevTalk",
	NOTE = "Accessed on 21-10-2019"
}

@MISC{WEBSITE:Fabio,
	HOWPUBLISHED = "\url{https://vimeo.com/294736344}",
	AUTHOR = "Fabio Labella",
	TITLE = "Shared state in pure FP: when a state monad wonâ€™t do",
	NOTE = "Accessed on 21-10-2019"
}
